@THESIS{minicpu,
		AUTHOR={Christopher Isreal und Marcel Jaoks},
		TITLE={{Implementierung einer 4-Bit MiniCPU in VHDL auf einem FPGA}},
		SCHOOL={Universität Koblenz · Landau},
		YEAR=2009,
		month={Juli}
}

@MISC{FPGA_Aufbau,
	title = {{FPGA - Mikrocontroller.net}},
	note = {Eingesehen am 18.03.2017},
	url = {https://www.mikrocontroller.net/articles/FPGA#Aufbau},
	howpublished = "\url{https://www.mikrocontroller.net/articles/FPGA#Aufbau}",
}

@MISC{numatoloader,
	title = {{numato-loader}},
	note = {Eingesehen am 18.03.2017},
	url = {https://github.com/modernrio/saturn-loader},
	howpublished = "\url{https://github.com/modernrio/saturn-loader}"
}
